@article{Brown20121098,
    title = "Governing International Advocacy {NGOs} ",
    journal = "World Development ",
    volume = "40",
    number = "6",
    pages = "1098 - 1108",
    year = "2012",
    issn = "0305-750X",
    doi = "http://doi.org/10.1016/j.worlddev.2011.11.006",
    url = "http://www.sciencedirect.com/science/article/pii/S0305750X11002907",
    author = "L. David Brown and Alnoor Ebrahim and Srilatha Batliwala",
    URL = { http://www.hbs.edu/faculty/Publication\%20Files/Govening\%20International\%20Advocacy\%20NGOs\%20WD_9647027d-a173-465d-ab43-0f53ca5ecf9c.pdf },
    note = {Available at \href{http://www.hbs.edu/faculty/Publication\%20Files/Govening\%20International\%20Advocacy\%20NGOs\%20WD\_9647027d-a173-465d-ab43-0f53ca5ecf9c.pdf}{this link}},
    ANNOTE = {Takes a look at the various structures of international advocacy organizations, which are necessarily looser or tigher federations and, significantly, where advocacy can be meaningfully ``provided'' remotely.}
}

@REPORT{mollenhauer_framework,
  AUTHOR =        {L. Mollenhauer},
  TITLE =         {A Framework for Success for Nonprofit Federations, Revised}, 
  YEAR  =         {2009},
  URL   =         {http://www.mollenhauer.ca/pdfs/Federations\%20Framework\%20for\%20Success\%20for\%20Nonprofit\%20Federations\%20November\%202009.pdf},
  note  =         {Available at \href{http://www.mollenhauer.ca/pdfs/Federations\%20Framework\%20for\%20Success\%20for\%20Nonprofit\%20Federations\%20November\%202009.pdf}{this link}},
  ANNOTE = {Provides an overview of keys for success for federated nonprofits in the Canadian context, including discussions and checklists.}
}

@REPORT{mollenhauer_transformation,
  AUTHOR =        {L. Mollenhauer},
  TITLE =         {Transformation in Structure and Governance: National Health Charities Respond to New Challenges and Opportunities},
  YEAR  =         {2012},
  URL   =         {http://www.mollenhauer.ca/pdfs/HCCC\%20Transformations\%20.pdf},
  note   =         {Available at \url{http://www.mollenhauer.ca/pdfs/HCCC\%20Transformations\%20.pdf}},
  ANNOTE = {Examines case studies of Canadian nonprofits changing their structures in a continuum of ways to balance national coherence and local autonomy.},
}

@REPORT{bigbrothers,
  AUTHOR =        {Strategic~Leverage~Partners},
  TITLE =         {Local Business Structures within a Federated Model},
  YEAR  =         {2009},
  URL   =         {http://www.strategicleveragepartners.com/Perspectives_on_Federations.pdf},
  note  =         {Available at \url{http://www.strategicleveragepartners.com/Perspectives_on_Federations.pdf}},
  ANNOTE = {Discusses the tradeoffs and benefits for federations and other looser associations for Big Brothers Big Sisters Canada, and how to negotiate such a structural change.},
}

@REPORT{wwfus_casestudy,
  AUTHOR =        {Jane Wei-Skillern and Kerry Herman},
  TITLE =         {World Wildlife Fund {U.S.}},
  YEAR  =         {2008},
  URL   =         {https://hbr.org/product/world-wildlife-fund-us/308035-PDF-ENG},
  publisher = {Harvard Business Review Case Study},
  ANNOTE = {Discusses the role of WWF-US in a major reorganization of the federation.  See also WWF's "Green Book" describing its new structure at \href{http://d2ouvy59p0dg6k.cloudfront.net/downloads/2016_green_book__2.pdf}{this link}, and a template project agreement at \href{http://awsassets.panda.org/downloads/0_0_wwf_standards_overview_2012_10_19.pdf}{this link}.},
}

@book{widmer1999governance,
  title={Governance of National Federated Organizations},
  author={Widmer, C.H. and Houchin, S},
  isbn={9780925299925},
  lccn={2003615739},
  series={Research in action},
  url={https://books.google.ca/books?id=DrwnAAAACAAJ},
  year={1999},
  publisher={National Center for Nonprofit Boards},
  ANNOTE = {An early classic work surveying the governance structures of U.S. national federated nonprofit organizations.  A working paper version is available at \href{http://ibrarian.net/navon/paper/NONPROFIT_SECTOR_RESEARCH_FUND.pdf?paperid=1244436}{this link}}
}

@article{grossman2001managing,
  title={Managing multisite nonprofits},
  author={Grossman, Allen and Rangan, V Kasturi},
  journal={Nonprofit Management and Leadership},
  volume={11},
  number={3},
  pages={321--337},
  year={2001},
  publisher={Wiley Online Library}, 
  ANNOTE = {Describes the various organizational arrangements of several international nonprofits, and distinguishes between the level of local autonomy, which may be high or low, and the degree of affiliation, allowing coherence, which need not correlate.}
}

@article{alzheimers,
  title={Why Local Alzheimer's Association Chapters Are Breaking with National},
  author={McCambridge, Ruth},
  journal={Nonprofit Quarterly},
  year={2016},
  ANNOTE = {Describes a number of large chapters leaving the centralizing US Alzheimer's Association; available \href{https://nonprofitquarterly.org/2016/01/25/why-local-alzheimers-association-chapters-are-breaking-with-national/}{at this link}.  See also \href{https://www.statnews.com/2016/03/02/alzheimers-association-split/}{this article on StatNews}}
}

